@Inbook{inorganic_chemistry_1 ,
author="北京大学化学与分子工程学院-无机化学实验教学组",
title="氧化锶-氧化铝二元体系中几种荧光材料的合成和表征",
bookTitle="无机化学实验讲义",
year="2021",
pages="3--17",
}