@inbook{inorganic_chemistry_1,
  title   = {无机化学实验讲义},
  author  = {北京大学化学与分子工程学院-无机化学实验教学组},
  chapter = {实验四 1,3,5-三甲苯三羰基钼的制备与表征},
  year    = {2021},
  pages   = {32-44}
}
@inbook{comprehensive_inorganic_chemistry,
  title     = {中级无机化学},
  author    = {项斯芬 姚光庆},
  chapter   = {第六章 有机金属化学（一）},
  publisher = {高等教育出版社},
  year      = {2003},
  pages     = {155-156}
}
