@inbook{inorganic_chemistry_1,
  title   = {无机化学实验讲义},
  author  = {北京大学化学与分子工程学院-无机化学实验教学组},
  chapter = {实验五 用对-叔丁基杯[8]芳烃分离\ce{C_{60}}},
  year    = {2021},
  pages   = {45-50}
}