@inbook{inorganic_chemistry_1,
  title   = {无机化学实验讲义},
  author  = {北京大学化学与分子工程学院-无机化学实验教学组},
  chapter = {实验七 醋酸亚铬二水合物的合成与表征},
  year    = {2021},
  pages   = {56-62}
}
@inbook{solid_state_physics ,
  author    = {Ashcroft, Mermin},
  title     = {Solid State Physics},
  chapter   = {31: Diamagnetism and Paramagnetism},
  pages     = {646-659},
  publisher = {世界图书出版公司北京公司},
  year      = {2007}
}