@inbook{inorganic_chemistry_1,
  title   = {无机化学实验讲义},
  author  = {北京大学化学与分子工程学院-无机化学实验教学组},
  chapter = {实验六 \ce{Co(II)(Salen)}载氧体的制备及吸氧性质的测定},
  year    = {2021},
  pages   = {51-55}
}
@inbook{comprehensive_inorganic_chemistry,
  title   = {中级无机化学},
  author  = {项斯芬 姚光庆},
  chapter = {第11章 生物无机化学},
  year    = {2003},
  pages   = {294-295}
}